<?xml version="1.0" encoding="UTF-8"?><record xmlns="http://www.loc.gov/MARC21/slim" xmlns:cinclude="http://apache.org/cocoon/include/1.0" xmlns:zs="http://www.loc.gov/zing/srw/">
  <leader>00621cz  a2200157n  4500</leader>
  <controlfield tag="001">n 2001120073</controlfield>
  <controlfield tag="003">DLC</controlfield>
  <controlfield tag="005">20120814081324.0</controlfield>
  <controlfield tag="008">010308n| acannaabn          |n aaa      </controlfield>
  <datafield tag="010" ind1=" " ind2=" ">
    <subfield code="a">n 2001120073</subfield>
  </datafield>
  <datafield tag="040" ind1=" " ind2=" ">
    <subfield code="a">DLC</subfield>
    <subfield code="b">eng</subfield>
    <subfield code="c">DLC</subfield>
    <subfield code="d">DLC</subfield>
  </datafield>
  <datafield tag="046" ind1=" " ind2=" ">
    <subfield code="f">1845</subfield>
    <subfield code="g">1918</subfield>
  </datafield>
  <datafield tag="100" ind1="1" ind2=" ">
    <subfield code="a">Burt, John Mowlem,</subfield>
    <subfield code="c">Sir,</subfield>
    <subfield code="d">1845-1918</subfield>
  </datafield>
  <datafield tag="667" ind1=" " ind2=" ">
    <subfield code="a">THIS 1XX FIELD CANNOT BE USED UNDER RDA UNTIL THIS RECORD HAS BEEN REVIEWED AND/OR UPDATED</subfield>
  </datafield>
  <datafield tag="670" ind1=" " ind2=" ">
    <subfield code="a">Library of Congress Manuscript Division for Saxton, Rufus. Letters of Rufus Saxton, 1862-1889</subfield>
    <subfield code="b">(Burt, John M.; corresp.)</subfield>
  </datafield>
  <datafield tag="670" ind1=" " ind2=" ">
    <subfield code="a">LC database, Mar. 8, 2001</subfield>
    <subfield code="b">(hdg.: Burt, John Mowlem, Sir, 1845-1918)</subfield>
  </datafield>
</record>